
@article{Noack2020,
  author = {Matti Noack and Johann Reger},
  title = {Exakte Eingangs/Ausgangs-Linearisierung für Mehrgrößensysteme},
  journal = {Versuchsanleitung - Praktikum NLR 2},
  year = {2020},
  month = {January},
  day = {23},
  institution = {Technische Universität Ilmenau},
  note = {Verantwortlicher Hochschullehrer: Prof. Dr.-Ing. Johann Reger},
  address = {Ilmenau, Germany}
}


@article{Tietze2023CruiseControl,
  author    = {Niclas Tietze and Kai Wulff and Johann Reger},
  title     = {High-Gain Model-Following Control for Cruise Control: Efficient Implementation and Robustness},
  journal   = {CDC Proceedings or Preprint (specific venue not identified)},
  year      = {2023},
  note      = {Preprint. Technical University of Ilmenau. Contact: kai.wulff@tu-ilmenau.de}
}

@phdthesis{Willkomm2023MFC,
  author    = {Julian Willkomm},
  title     = {Model-Following Control for a Class of Nonlinear Systems},
  school    = {Technische Universität Ilmenau},
  year      = {2023},
  type      = {Dissertation},
  address   = {Ilmenau, Germany},
  month     = {March},
  url       = {https://www.db-thueringen.de/receive/dbt_mods_00060848},
  doi       = {10.22032/dbt.60848},
  urn       = {urn:nbn:de:gbv:ilm1-2023000488}
}

@inproceedings{Knierim2010Crane,
  author    = {Karl Lukas Knierim and Kai Krieger and Oliver Sawodny},
  title     = {Flatness Based Control of a 3-DOF Overhead Crane with Velocity Controlled Drives},
  booktitle = {Proceedings of the 5th IFAC Symposium on Mechatronic Systems},
  year      = {2010},
  pages     = {363--368},
  address   = {Cambridge, MA, USA},
  publisher = {IFAC},
  doi       = {10.3182/20100913-3-US-2015.00083}
}
