@misc{Imu_proprioception,
  title={Multi-IMU Proprioceptive State Estimator for Humanoid Robots},
  author={Fabio Elnecave Xavier, Guillaume Burger, Marine Pétriaux , Jean-Emmanuel Deschaud and François Goulette},
  year={2023},
  howpublished={\url{https://arxiv.org/abs/2307.14125}}
}

@inproceedings{babin2019analysis,
  title={Analysis of Robust Functions for Registration Algorithms},
  author={Babin, Philippe and Gigu{\`e}re, Philippe and Pomerleau, Fran{\c{c}}ois},
  booktitle={2019 International Conference on Robotics and Automation (ICRA)},
  year={2019},
  organization={IEEE},
  address={Palais des congres de Montreal, Montreal, Canada},
  month={May 20-24},
  note={Palais des congres de Montreal, Montreal, Canada, May 20-24, 2019}
}

@article{kissIcp,
  title={KISS-ICP: In Defense of Point-to-Point ICP Simple, Accurate, and Robust Registration If Done the Right Way},
  author={Vizzo, Ignacio and Mersch, Benedikt and Guadagnino, Tiziano and others},
  journal={IEEE Robotics and Automation Letters},
  volume={8},
  number={2},
  pages={113--120},
  year={2023},
  month={February},
  doi={10.1109/LRA.2023.3236571},
  url={https://www.researchgate.net/publication/367101986},
}

@article{Fankhauser2018,
  author    = {Péter Fankhauser and Michael Bloesch and Marco Hutter},
  title     = {Probabilistic Terrain Mapping for Mobile Robots with Uncertain Localization},
  journal   = {IEEE Robotics and Automation Letters},
  volume    = {3},
  number    = {4},
  pages     = {},
  year      = {2018},
  month     = {October},
  doi       = {10.1109/lra.2018.2849506},
  url       = {https://doi.org/10.3929/ethz-b-000272110}
}


@misc{stackoverflow_sobel_filter,
  author    = {Aarkan},
  title     = {Sobel filter kernel of large size},
  year      = {2012},
  howpublished = {\url{https://stackoverflow.com/questions/9567882/sobel-filter-kernel-of-large-size}},
  note      = {Accessed: 2024-08-21}
}

@misc{bresenham_wikipedia,
  author       = {{Wikipedia contributors}},
  title        = {Algorithme de tracé de segment de Bresenham},
  year         = {2024},
  howpublished = {\url{https://fr.wikipedia.org/wiki/Algorithme_de_trac%C3%A9_de_segment_de_Bresenham}},
  note         = {Accessed: 2024-08-21}
}

